<record><leader>00000cas a22000007a 4500</leader><controlfield tag="001">20577007</controlfield><controlfield tag="008">891031d193819uulauuu ne      0    0eng d</controlfield><datafield ind1=" " ind2=" " tag="010"><subfield code="a">sn 89059419 </subfield></datafield><datafield ind1=" " ind2=" " tag="040"><subfield code="a">LNP</subfield><subfield code="b">eng</subfield><subfield code="c">LNP</subfield><subfield code="d">OCLCQ</subfield></datafield><datafield ind1=" " ind2=" " tag="042"><subfield code="a">msc</subfield></datafield><datafield ind1="0" ind2="4" tag="245"><subfield code="a">The Huey Long Red River Democrat.</subfield></datafield><datafield ind1="3" ind2="0" tag="246"><subfield code="a">Red River Democrat</subfield></datafield><datafield ind1=" " ind2=" " tag="260"><subfield code="a">Coushatta, La. :</subfield><subfield code="b">John Dee Hand</subfield></datafield><datafield ind1=" " ind2=" " tag="300"><subfield code="a">v.</subfield></datafield><datafield ind1="0" ind2=" " tag="362"><subfield code="a">Vol. 1, no. 1 (Feb. 5, 1938)-</subfield></datafield><datafield ind1=" " ind2=" " tag="752"><subfield code="a">United States</subfield><subfield code="b">Louisiana</subfield><subfield code="c">Red River</subfield><subfield code="d">Coushatta.</subfield></datafield></record>